@article{mirkovic2007quiver,
  title={Quiver varieties and Beilinson-Drinfeld Grassmannians of type A},
  author={Mirkovi{\'c}, Ivan and Vybornov, Maxim},
  journal={arXiv preprint arXiv:0712.4160},
  year={2007}
}
@article{mirkovic2019comparison,
  title={Comparison of quiver varieties, loop Grassmannians and nilpotent cones in type A},
  author={Mirkovic, Ivan and Vybornov, Maxim},
  journal={arXiv preprint arXiv:1905.01810},
  year={2019}
}
@article{anderson2005algebra,
  title={The algebra of Mirkovic-Vilonen cycles in type A},
  author={Anderson, Jared E and Kogan, Mikhail},
  journal={arXiv preprint math/0505100},
  year={2005}
}
@article{cautis2018categorical,
  title={Categorical geometric symmetric Howe duality},
  author={Cautis, Sabin and Kamnitzer, Joel},
  journal={Selecta Mathematica},
  volume={24},
  number={2},
  pages={1593--1631},
  year={2018},
  publisher={Springer}
}
@article{baumann2020bases,
  title={Bases of tensor products and geometric Satake correspondence},
  author={Baumann, Pierre and Gaussent, St{\'e}phane and Littelmann, Peter},
  journal={arXiv preprint arXiv:2009.00042},
  year={2020}
}
@article{kamnitzer2014yangians,
  title={Yangians and quantizations of slices in the affine {Grassmannian}},
  author={Kamnitzer, Joel and Webster, Ben and Weekes, Alex and Yacobi, Oded},
  journal={Algebra \& Number Theory},
  volume={8},
  number={4},
  pages={857--893},
  year={2014},
  publisher={Mathematical Sciences Publishers}
}
@article{dranowski2020generalized,
  title={GENERALIZED ORBITAL VARIETIES FOR MIRKOVI{\'C}--VYBORNOV SLICES AS AFFINIZATIONS OF MIRKOVI{\'C}--VILONEN CYCLES},
  author={Dranowski, Anne},
  journal={Transformation Groups},
  pages={1--15},
  year={2020},
  publisher={Springer}
}
